<?xml version="1.0" encoding="UTF-8"?>
<collection xmlns:xsi="http://www.w3.org/2001/XMLSchema-instance" xsi:schemaLocation="http://www.loc.gov/MARC21/slim http://www.loc.gov/standards/marcxml/schema/MARC21slim.xsd" xmlns="http://www.loc.gov/MARC21/slim">
<record>
  <leader>00664cam a22002051  4500</leader>
  <controlfield tag="001">3068411</controlfield>
  <controlfield tag="003">NNC</controlfield>
  <controlfield tag="005">20130426015246.0</controlfield>
  <controlfield tag="008">010820s1935    su ab         000 0 ara d</controlfield>
  <datafield tag="035" ind1=" " ind2=" ">
    <subfield code="a">(OCoLC)ocm47808844</subfield>
  </datafield>
  <datafield tag="035" ind1=" " ind2=" ">
    <subfield code="9">ATP0864CU</subfield>
  </datafield>
  <datafield tag="035" ind1=" " ind2=" ">
    <subfield code="a">(NNC)3068411</subfield>
  </datafield>
  <datafield tag="040" ind1=" " ind2=" ">
    <subfield code="a">ZCU</subfield>
    <subfield code="c">ZCU</subfield>
  </datafield>
  <datafield tag="099" ind1=" " ind2=" ">
    <subfield code="a">893.712</subfield>
    <subfield code="a">An81</subfield>
  </datafield>
  <datafield tag="100" ind1="1" ind2=" ">
    <subfield code="a">Anṣārī, ʻAbd al-Quddūs,</subfield>
    <subfield code="d">1906 or 1907-1983.</subfield>
  </datafield>
  <datafield tag="245" ind1="1" ind2="0">
    <subfield code="a">Āthār al-Madīnah al-munawwarah,</subfield>
    <subfield code="c">bi-qalam ʻAbd-al-Quddūs al-Ansārī.</subfield>
  </datafield>
  <datafield tag="260" ind1=" " ind2=" ">
    <subfield code="a">al-Madīnah,</subfield>
    <subfield code="b">al-Maktabah al-ʻIlmīyah,</subfield>
    <subfield code="c">1353 h.[1935]</subfield>
  </datafield>
  <datafield tag="300" ind1=" " ind2=" ">
    <subfield code="a">188 p.</subfield>
    <subfield code="b">illus., fold. map.</subfield>
  </datafield>
  <datafield tag="651" ind1=" " ind2="0">
    <subfield code="a">Medina (Saudi Arabia)</subfield>
    <subfield code="x">Description and travel.</subfield>
  </datafield>
  <datafield tag="955" ind1=" " ind2=" ">
    <subfield code="b">CU07842104</subfield>
    <subfield code="d">off,glx</subfield>
    <subfield code="e">893.712 An81</subfield>
  </datafield>
</record>
</collection>